@book{rosebrock2017deep,
  title={Deep Learning for Computer Vision with Python: Starter Bundle},
  author={Rosebrock, A.},
  year={2017},
  publisher={PyImageSearch}
}

@article{Chinchure2020May,
	author = {Chinchure, Aditya},
	title = {{A production-grade Machine Learning API using Flask, Gunicorn, Nginx, and Docker {\ifmmode---\else\textemdash\fi} Part 1}},
	journal = {Medium},
	year = {2020},
	month = {May},
	issn = {4992-7238},
	publisher = {Technonerds},
	url = {https://medium.com/technonerds/a-production-grade-machine-learning-api-using-flask-gunicorn-nginx-and-docker-part-1-49927238befb}
}

@misc{kfolds,
	title = {{ProClassify User's Guide - Cross-Validation Explained}},
	year = {2006},
	month = {Jun},
	note = {[Online; accessed 1. Feb. 2021]},
	url = {https://genome.tugraz.at/proclassify/help/pages/XV.html}
}

@misc{corrmatrix,
	title = {{2 - How to Calculate a Correlation Matrix - Data Exploration for Machine Learning {$\vert$} Vertica}},
	journal = {Vertica},
	year = {2020},
	month = {Nov},
	note = {[Online; accessed 4. Feb. 2021]},
	url = {https://www.vertica.com/blog/in-database-machine-learning-2-calculate-a-correlation-matrix-a-data-exploration-post}
}

@misc{wavenet,
	author = {Eddy, Joseph},
	title = {{Time Series Forecasting with Convolutional Neural Networks - a Look at WaveNet}},
	year = {2019},
	month = {Feb},
	note = {[Online; accessed 9. Jan. 2021]},
	url = {https://jeddy92.github.io/JEddy92.github.io/ts_seq2seq_conv}
}

@misc{gdanalogy,
  author = {Wikipedia},
  title = {Gradient descent - Wikipedia},
  howpublished = {\url{https://en.wikipedia.org/wiki/Gradient_descent#An_analogy_for_understanding_gradient_descent}},
  year = {2020},
  note = {(Accessed on 12/31/2020)}
}

@book{geron,
  title={Hands-On Machine Learning with Scikit-Learn, Keras, and TensorFlow: Concepts, Tools, and Techniques to Build Intelligent Systems},
  author={Aurélien Géron},
  isbn={9781492032595},
  year={2019},
  publisher={O'Reilly Media}
}

@misc{hadamard,
	title = {{Producto de Hadamard (matrices) - Hadamard product (matrices) - qaz.wiki}},
	year = {2021},
	month = {Jan},
	note = {[Online; accessed 4. Jan. 2021]},
	url = {https://es.qaz.wiki/wiki/Hadamard_product_(matrices)}
}

@article{phi:rnn,
	author = {Phi, Michael},
	title = {{Illustrated Guide to Recurrent Neural Networks - Towards Data Science}},
	journal = {Medium},
	year = {2019},
	month = {Sep},
	issn = {7958-0499},
	publisher = {Towards Data Science},
	url = {https://towardsdatascience.com/illustrated-guide-to-recurrent-neural-networks-79e5eb8049c9}
}

@book{poole1998,
  title={Computational intelligence},
  author={Poole, David I and Goebel, Randy G and Mackworth, Alan K},
  year={1998},
  publisher={Oxford University Press New York}
}

@book{rashid2016make,
  title={Make your own neural network},
  author={Rashid, Tariq},
  year={2016},
  publisher={CreateSpace Independent Publishing Platform}
}

@book{russell2016artificial,
  title={Artificial intelligence: a modern approach},
  author={Russell, Stuart J and Norvig, Peter},
  year={2016},
  publisher={Malaysia; Pearson Education Limited,}
}

@misc{GitHubpa25:online,
  author = {Pedro Antonio Gutiérrez},
  title = {GitHub - pagutierrez/tutorial-sklearn: Tutorial sobre scikit-learn completo},
  howpublished = {\url{https://github.com/pagutierrez/tutorial-sklearn}},
  note = {(Accessed on 12/28/2020)},
  year = {2020},
}

@book{trejoml,
  author={B. G. Trejo},
  title={Selección de herramientas de Machine Learning aplicado a problemas de ingenier{\'i}a},
  publisher={Facultad de Ciencias Exactas, Físicas y Naturales, Universidad Nacional de Córdoba},
  year={2019}
}

@book{matich,
  author    = {D. J. Matich},
  title     = {Redes neuronales: Conceptos básicos y aplicaciones},
  publisher = {Universidad Tecnológica Nacional, FRR, Departamento de Ing. Química},
  year      = {2001}
}

@misc{karpathy:rnn,
  author = {Andrej Karpathy},
	title = {{The Unreasonable Effectiveness of Recurrent Neural Networks}},
	year = {2020},
	month = {Jun},
	note = {[Online; accessed 3. Jan. 2021]},
	url = {https://karpathy.github.io/2015/05/21/rnn-effectiveness}
}

@misc{olahlstm,
  title = {{Understanding LSTM Networks}},
  author = {Christopher Olah},
	year = {2015},
	month = {Aug},
	note = {[Online; accessed 4. Jan. 2021]},
	url = {https://colah.github.io/posts/2015-08-Understanding-LSTMs}
}


@article{Saha2020Oct,
	author = {Saha, Sumit},
	title = {{A Comprehensive Guide to Convolutional Neural Networks {\ifmmode---\else\textemdash\fi} the ELI5 way}},
	journal = {Medium},
	year = {2020},
	month = {Oct},
	issn = {3211-6453},
	publisher = {Towards Data Science},
	url = {https://towardsdatascience.com/a-comprehensive-guide-to-convolutional-neural-networks-the-eli5-way-3bd2b1164a53}
}

@article{andrianaivo2019architecture,
  title={Architecture Recognition By Means Of Convolutional Neural Networks.},
  author={Andrianaivo, Louis N and D'Autilia, Roberto and Palma, Valerio},
  journal={International Archives of the Photogrammetry, Remote Sensing \& Spatial Information Sciences},
  year={2019}
}

@misc{SOOutputConv,
  author = {StackOverflow},
	title = {{How did they calculate the output volume for this convnet example in Caffe?}},
	journal = {Stack Overflow},
	year = {2021},
	month = {Jan},
	note = {[Online; accessed 4. Jan. 2021]},
	url = {https://stackoverflow.com/questions/32979683/how-did-they-calculate-the-output-volume-for-this-convnet-example-in-caffe}
}

@misc{Cogneethi2019Aug,
	author = {Cogneethi},
	title = {{C 4.1 {$\vert$} 1D Convolution {$\vert$} CNN {$\vert$} Object Detection {$\vert$} Machine Learning {$\vert$} EvODN}},
	journal = {YouTube},
	year = {2019},
	month = {Aug},
	publisher = {Youtube},
	note = {[Online; accessed 4. Jan. 2021]},
	url = {https://www.youtube.com/watch?v=yd_j_zdLDWs}
}

@book{keller,
  author={Frank Keller},
  title={Convolutions and Kernels},
  publisher={School of Informatics, University of Edinburgh},
  month = {Feb},
  year={2010}
}

@book{norman2019aprendizaje,
  title={Aprendizaje autom{\'a}tico en acci{\'o}n. Un libro para el lego, gu{\'\i}a paso a paso para los novatos},
  author={Norman, A.T. and Bolivar, S.},
  year={2019},
  publisher={Tektime}
}

@book{bishop2006pattern,
  title={Pattern recognition and machine learning},
  author={Bishop, Christopher M},
  year={2006},
  publisher={Springer}
}

@misc{advancedmachinelearningprocess, 
  url={https://origin-symwisedownload.symantec.com/resources/webguides/contentanalysis/24/Content/Topics/Concepts/aml_process.htm}, 
  journal={Advanced Machine Learning Process}
}

@misc{quora, 
  author  = {Quora},
  title   = {What are the key trade-offs between overfitting and underfitting?}, 
  url     = {https://www.quora.com/What-are-the-key-trade-offs-between-overfitting-and-underfitting}, 
  journal = {Quora},
  year    = {2020},
}

@misc{sktime,
	author = {alan-turing-institute},
	title = {{sktime}},
	journal = {GitHub},
	year = {2021},
	month = {Feb},
	note = {[Online; accessed 8. Feb. 2021]},
	url = {https://github.com/alan-turing-institute/sktime}
}

@misc{MAPE,
	author = {Spider Financial, {\relax Info@numxl}. com},
	title = {{MAPE - Error medio de porcentaje absoluto}},
	journal = {Centro de ayuda},
	year = {2021},
	month = {Mar},
	note = {[Online; accessed 23. Mar. 2021]},
	url = {https://support.numxl.com/hc/es/articles/215959443-MAPE-Error-medio-de-porcentaje-absoluto}
}

@inproceedings{smbo,
author = {Bergstra, James and Bardenet, R. and Kégl, Balázs and Bengio, Y.},
year = {2011},
month = {12},
pages = {},
title = {Algorithms for Hyper-Parameter Optimization}
}

@misc{keras-tuner,
	title = {{Keras Tuner}},
	year = {2019},
	month = {Nov},
	note = {[Online; accessed 5. Apr. 2021]},
	url = {https://keras-team.github.io/keras-tuner}
}

@article{delgado2019approximate,
  title={Approximate entropy and sample entropy: A comprehensive tutorial},
  author={Delgado-Bonal, Alfonso and Marshak, Alexander},
  journal={Entropy},
  volume={21},
  number={6},
  pages={541},
  year={2019},
  publisher={Multidisciplinary Digital Publishing Institute}
}

@misc{neurona_wiki,
	author = {{Colaboradores de los proyectos Wikimedia}},
	title = {{Soma (neurolog{\ifmmode\acute{\imath}\else\'{\i}\fi}a) - Wikipedia, la enciclopedia libre}},
	year = {2021},
	month = {May},
	note = {[Online; accessed 26. Oct. 2021]},
	url = {https://es.wikipedia.org/w/index.php?title=Soma_(neurolog%C3%ADa)&oldid=135426685}
}

@misc{neptune,
	title = {{Best Tools for Model Tuning and Hyperparameter Optimization - neptune.ai}},
	journal = {Neptune},
	year = {2021},
	month = {May},
	note = {[Online; accessed 12. Jul. 2021]},
	url = {https://neptune.ai/blog/best-tools-for-model-tuning-and-hyperparameter-optimization}
}

@misc{trendsML,
	title = {{Papers with Code - Papers With Code : Trends}},
	year = {2021},
	month = {Jul},
	note = {[Online; accessed 12. Jul. 2021]},
	url = {https://paperswithcode.com/trends}
}

@misc{CUDA,
	title = {{CUDA Zone}},
	journal = {NVIDIA Developer},
	year = {2021},
	month = {Apr},
	note = {[Online; accessed 16. Apr. 2021]},
	url = {https://developer.nvidia.com/cuda-zone}
}

@misc{CuPy,
	title = {{CuPy}},
	journal = {CuPy},
	year = {2021},
	month = {Apr},
	note = {[Online; accessed 16. Apr. 2021]},
	url = {https://cupy.dev}
}

@misc{Geron2018Feb,
	author = {G{\ifmmode\acute{e}\else\'{e}\fi}ron, Aur{\ifmmode\acute{e}\else\'{e}\fi}lien},
	title = {{A Short Introduction to Entropy, Cross-Entropy and KL-Divergence}},
	journal = {YouTube},
	year = {2018},
	month = {Feb},
	publisher = {Youtube},
	note = {[Online; accessed 13. Apr. 2021]},
	url = {https://www.youtube.com/watch?v=ErfnhcEV1O8}
}

@misc{chaitin,
	title = {{(77) Gregory Chaitin {$\vert$} Universidad de Buenos Aires - Academia.edu}},
	year = {2021},
	month = {Apr},
	note = {[Online; accessed 12. Apr. 2021]},
	url = {https://uba.academia.edu/GregoryChaitin}
}

@book{Bissuel2019Apr,
	author = {Bissuel, Alo{\ifmmode\ddot{\imath}\else\"{\i}\fi}s},
	title = {{Hyper-parameter optimization algorithms: a short review}},
	journal = {Medium},
	year = {2019},
	month = {Apr},
	isbn = {978-244752590},
	publisher = {Criteo R{\&}D Blog},
	url = {https://medium.com/criteo-engineering/hyper-parameter-optimization-algorithms-2fe447525903}
}

@misc{automl-bohb,
	title = {{BOHB: Robust and Efficient Hyperparameter Optimization at Scale}},
	year = {2021},
	month = {Apr},
	note = {[Online; accessed 5. Apr. 2021]},
	url = {https://www.automl.org/blog_bohb}
}

@article{Rosenberg2020Aug,
	author = {Rosenberg, Noam {\relax (xn--45q}. xn--9kq. )},
	title = {{Hyper Parameter Tuning {\ifmmode---\else\textemdash\fi} A Tutorial - Towards Data Science}},
	journal = {Medium},
	year = {2020},
	month = {Aug},
	issn = {7065-5254},
	publisher = {Towards Data Science},
	url = {https://towardsdatascience.com/hyper-parameter-tuning-a-tutorial-70dc6c552c54}
}

@article{Abraham2021Feb,
	author = {Abraham, Alexandre},
	title = {{A (Slightly) Better Budget Allocation for Hyperband {$\vert$} data from the trenches}},
	journal = {Medium},
	year = {2021},
	month = {Feb},
	publisher = {data from the trenches},
	url = {https://medium.com/data-from-the-trenches/a-slightly-better-budget-allocation-for-hyperband-bbd45af14481}
}

@misc{li2018hyperband,
	title={Hyperband: A Novel Bandit-Based Approach to Hyperparameter Optimization}, 
	author={Lisha Li and Kevin Jamieson and Giulia DeSalvo and Afshin Rostamizadeh and Ameet Talwalkar},
	year={2018},
	eprint={1603.06560},
	archivePrefix={arXiv},
	primaryClass={cs.LG}
}

@article{Agnihotri2020May,
	author = {Agnihotri, Apoorv and Batra, Nipun},
	title = {{Exploring Bayesian Optimization}},
	journal = {Distill},
	volume = {5},
	number = {5},
	pages = {e26},
	year = {2020},
	month = {May},
	issn = {2476-0757},
	doi = {10.23915/distill.00026}
}

@misc{Agrawal2019Mar,
	author = {Agrawal, Shubham},
	title = {{Time Series Modeling}},
	year = {2019},
	month = {Mar},
	note = {[Online; accessed 5. Apr. 2021]},
	url = {https://rstudio-pubs-static.s3.amazonaws.com/478704_10185309918043d4a279e1e1545694e0.html}
}

@article{Wang2020Apr,
	author = {Wang, Wei},
	title = {{Bayesian Optimization Concept Explained in Layman Terms}},
	journal = {Medium},
	year = {2020},
	month = {Apr},
	publisher = {Towards Data Science},
	url = {https://towardsdatascience.com/bayesian-optimization-concept-explained-in-layman-terms-1d2bcdeaf12f}
}

@misc{vientre_alquiler,
	author = {{Colaboradores de los proyectos Wikimedia}},
	title = {{Vientre de alquiler (pr{\ifmmode\acute{a}\else\'{a}\fi}ctica) - Wikipedia, la enciclopedia libre}},
	year = {2021},
	month = {Mar},
	note = {[Online; accessed 4. Apr. 2021]},
	url = {https://es.wikipedia.org/w/index.php?title=Vientre_de_alquiler_(pr%C3%A1ctica)&oldid=134152025}
}

@article{Tobin2020Jun,
	author = {Tobin, Donal},
	title = {{ETL Pipeline vs. Data Pipeline: What's the Difference?}},
	journal = {Xplenty},
	year = {2020},
	month = {Jun},
	publisher = {Xplenty},
	url = {https://www.xplenty.com/blog/etl-pipeline-vs-data-pipeline}
}

@misc{astronomer,
	title = {{What Exactly is a DAG?}},
	year = {2021},
	month = {Oct},
	note = {[Online; accessed 29. Oct. 2021]},
	url = {https://www.astronomer.io/blog/what-exactly-is-a-dag}
}

@article{sommerville2015software,
  title={Software engineering 10th edition},
  author={Sommerville, Ian},
  journal={ISBN-10},
  volume={137035152},
  pages={18},
  year={2015}
}

@misc{pareto,
	title = {{{\textquestiondown}Qu{\ifmmode\acute{e}\else\'{e}\fi} es el Principio de Pareto? La Ley del 80/20 {$\vert$} Blog de Anfix}},
	year = {2021},
	month = {Nov},
	note = {[Online; accessed 11. Nov. 2021]},
	url = {https://www.anfix.com/blog/que-es-el-principio-de-pareto}
}

@misc{SeattleDataGuy,
	title = {{Data Engineering 101: How Do I Get Value From My Data - Seattle Data Guy}},
	journal = {Seattle Data Guy},
	year = {2020},
	month = {Mar},
	note = {[Online; accessed 29. Oct. 2021]},
	url = {https://www.theseattledataguy.com/data-engineering-101/#page-content}
}

@misc{flask,
	title = {{What is Flask Python - Python Tutorial}},
	year = {2021},
	month = {Nov},
	note = {[Online; accessed 2. Nov. 2021]},
	url = {https://pythonbasics.org/what-is-flask-python}
}

@misc{docker,
	title = {{xn--2n8h ELI5: Docker}},
	journal = {docker-explained},
	year = {2021},
	month = {Sep},
	note = {[Online; accessed 2. Nov. 2021]},
	url = {https://jzhao.xyz/docker-explained/#what-is-docker}
}

@misc{nginx,
	title = {{What is NGINX? - NGINX}},
	journal = {NGINX},
	year = {2021},
	month = {Jul},
	note = {[Online; accessed 2. Nov. 2021]},
	url = {https://www.nginx.com/resources/glossary/nginx}
}

@misc{gunicorn,
	title = {{Gunicorn - Python WSGI HTTP Server for UNIX}},
	year = {2021},
	month = {Mar},
	note = {[Online; accessed 2. Nov. 2021]},
	url = {https://gunicorn.org}
}

@misc{ubuntu,
	author = {{Contributors to Wikimedia projects}},
	title = {{Ubuntu - Wikipedia}},
	year = {2021},
	month = {Oct},
	note = {[Online; accessed 2. Nov. 2021]},
	url = {https://en.wikipedia.org/w/index.php?title=Ubuntu&oldid=1051887737}
}

@misc{RisingOdegua,
	author = {Rising Odegua},
	title = {{How to put machine learning models into production}},
	journal = {Stack Overflow Blog},
	year = {2020},
	month = {Oct},
	note = {[Online; accessed 2. Nov. 2021]},
	url = {https://stackoverflow.blog/2020/10/12/how-to-put-machine-learning-models-into-production}
}

@article{AyyuceKizrak2020Jan,
	author = {Ayy{\ifmmode\ddot{u}\else\"{u}\fi}ce K{\ifmmode\imath\else\i\fi}zrak, {\relax Ph}. D.},
	title = {{Comparison of Activation Functions for Deep Neural Networks}},
	journal = {Medium},
	year = {2020},
	month = {Jan},
	issn = {7064-2848},
	publisher = {Towards Data Science},
	url = {https://towardsdatascience.com/comparison-of-activation-functions-for-deep-neural-networks-706ac4284c8a}
}

@article{Ye2020Oct,
	author = {Ye, Andre},
	title = {{The Beauty of Bayesian Optimization, Explained in Simple Terms}},
	journal = {Medium},
	year = {2020},
	month = {Oct},
	publisher = {Towards Data Science},
	url = {https://towardsdatascience.com/the-beauty-of-bayesian-optimization-explained-in-simple-terms-81f3ee13b10f}
}

@book{Koehrsen2018Jul,
	author = {Koehrsen, Will},
	title = {{A Conceptual Explanation of Bayesian Hyperparameter Optimization for Machine Learning}},
	journal = {Medium},
	year = {2018},
	month = {Jul},
	isbn = {978-817227805},
	publisher = {Towards Data Science},
	address = {India},
	url = {https://towardsdatascience.com/a-conceptual-explanation-of-bayesian-model-based-hyperparameter-optimization-for-machine-learning-b8172278050f}
}

@misc{rnn_ed_azure,
	author = {Azure},
	title = {{DeepLearningForTimeSeriesForecasting}},
	journal = {GitHub},
	year = {2021},
	month = {Mar},
	note = {[Online; accessed 29. Mar. 2021]},
	url = {https://github.com/Azure/DeepLearningForTimeSeriesForecasting/blob/master/3_RNN_encoder_decoder.ipynb}
}

@misc{rnn_azure,
	author = {Azure},
	title = {{DeepLearningForTimeSeriesForecasting}},
	journal = {GitHub},
	year = {2021},
	month = {Mar},
	note = {[Online; accessed 29. Mar. 2021]},
	url = {https://github.com/Azure/DeepLearningForTimeSeriesForecasting/blob/master/2_RNN.ipynb}
}

@misc{callbacks,
	author = {Team, Keras},
	title = {{Keras documentation: Callbacks API}},
	year = {2021},
	month = {Mar},
	note = {[Online; accessed 23. Mar. 2021]},
	url = {https://keras.io/api/callbacks}
}

@misc{keras-wiki,
	author = {{Wikipedia}},
	title = {{Keras - Wikipedia, la enciclopedia libre}},
	year = {2020},
	month = {Aug},
	note = {[Online; accessed 23. Mar. 2021]},
	url = {https://es.wikipedia.org/w/index.php?title=Keras&oldid=128778152}
}

@article{MASE,
	author = {Ahuja, Ashish},
	title = {{Mean Absolute Scaled Error (MASE) in Forecasting - Ashish Ahuja - Medium}},
	journal = {Medium},
	year = {2021},
	month = {Jan},
	publisher = {Medium},
	url = {https://medium.com/@ashishdce/mean-absolute-scaled-error-mase-in-forecasting-8f3aecc21968}
}

@misc{gluonts,
	title = {{GluonTS - Probabilistic Time Series Modeling {\ifmmode---\else\textemdash\fi} GluonTS documentation}},
	year = {2020},
	month = {May},
	note = {[Online; accessed 8. Feb. 2021]},
	url = {https://ts.gluon.ai}
}

@misc{prophet,
	title = {{Prophet}},
	journal = {Prophet},
	year = {2021},
	month = {Jan},
	note = {[Online; accessed 8. Feb. 2021]},
	url = {https://facebook.github.io/prophet}
}

@misc{sgd, 
  title = {Demystifying Gradient Descent and Backpropagation via Logistic Regression based Image...}, 
  url = {https://www.freecodecamp.org/news/demystifying-gradient-descent-and-backpropagation-via-logistic-regression-based-image-classification-9b5526c2ed46/}, 
  journal = {freeCodeCamp.org}, 
  publisher = {freeCodeCamp.org}, 
  author = {freeCodeCamp.org}, 
  year = {2018}, 
  month={Jul}
}

@misc{wavenet2,
	title = {{WaveNet: A Generative Model for Raw Audio}},
  author = {Deepmind},
  month        = {Sep},
  year         = {2016},
	note = {[Online; accessed 11. Jan. 2021]},
	url = {https://deepmind.com/blog/article/wavenet-generative-model-raw-audio}
}

@article{Bai2020Aug,
	author = {Bai, Kunlun},
	title = {{A Comprehensive Introduction to Different Types of Convolutions in Deep Learning}},
	journal = {Medium},
	year = {2020},
	month = {Aug},
	publisher = {Towards Data Science},
	url = {https://towardsdatascience.com/a-comprehensive-introduction-to-different-types-of-convolutions-in-deep-learning-669281e58215}
}

@misc{padding,
	title = {{6.3. Padding and Stride {\ifmmode---\else\textemdash\fi} Dive into Deep Learning 0.16.0 documentation}},
	year = {2021},
	month = {Jan},
	note = {[Online; accessed 11. Jan. 2021]},
	url = {https://d2l.ai/chapter_convolutional-neural-networks/padding-and-strides.html}
}

@article{bn,
	author = {Peccia, Federico},
	title = {{Batch normalization: theory and how to use it with Tensorflow}},
	journal = {Medium},
	year = {2019},
	month = {Jan},
	issn = {1892-0173},
	publisher = {Towards Data Science},
	url = {https://towardsdatascience.com/batch-normalization-theory-and-how-to-use-it-with-tensorflow-1892ca0173ad}
}
