@book{rosebrock2017deep,
  title={Deep Learning for Computer Vision with Python: Starter Bundle},
  author={Rosebrock, A.},
  year={2017},
  publisher={PyImageSearch}
}

@misc{kfolds,
	title = {{ProClassify User's Guide - Cross-Validation Explained}},
	year = {2006},
	month = {Jun},
	note = {[Online; accessed 1. Feb. 2021]},
	url = {https://genome.tugraz.at/proclassify/help/pages/XV.html}
}

@misc{corrmatrix,
	title = {{2 - How to Calculate a Correlation Matrix - Data Exploration for Machine Learning {$\vert$} Vertica}},
	journal = {Vertica},
	year = {2020},
	month = {Nov},
	note = {[Online; accessed 4. Feb. 2021]},
	url = {https://www.vertica.com/blog/in-database-machine-learning-2-calculate-a-correlation-matrix-a-data-exploration-post}
}

@misc{wavenet,
	author = {Eddy, Joseph},
	title = {{Time Series Forecasting with Convolutional Neural Networks - a Look at WaveNet}},
	year = {2019},
	month = {Feb},
	note = {[Online; accessed 9. Jan. 2021]},
	url = {https://jeddy92.github.io/JEddy92.github.io/ts_seq2seq_conv}
}

@misc{gdanalogy,
  author = {Wikipedia},
  title = {Gradient descent - Wikipedia},
  howpublished = {\url{https://en.wikipedia.org/wiki/Gradient_descent#An_analogy_for_understanding_gradient_descent}},
  year = {2020},
  note = {(Accessed on 12/31/2020)}
}

@book{geron,
  title={Hands-On Machine Learning with Scikit-Learn, Keras, and TensorFlow: Concepts, Tools, and Techniques to Build Intelligent Systems},
  author={Aurélien Géron},
  isbn={9781492032595},
  year={2019},
  publisher={O'Reilly Media}
}

@misc{hadamard,
	title = {{Producto de Hadamard (matrices) - Hadamard product (matrices) - qaz.wiki}},
	year = {2021},
	month = {Jan},
	note = {[Online; accessed 4. Jan. 2021]},
	url = {https://es.qaz.wiki/wiki/Hadamard_product_(matrices)}
}

@article{phi:rnn,
	author = {Phi, Michael},
	title = {{Illustrated Guide to Recurrent Neural Networks - Towards Data Science}},
	journal = {Medium},
	year = {2019},
	month = {Sep},
	issn = {7958-0499},
	publisher = {Towards Data Science},
	url = {https://towardsdatascience.com/illustrated-guide-to-recurrent-neural-networks-79e5eb8049c9}
}

@book{poole1998,
  title={Computational intelligence},
  author={Poole, David I and Goebel, Randy G and Mackworth, Alan K},
  year={1998},
  publisher={Oxford University Press New York}
}

@book{rashid2016make,
  title={Make your own neural network},
  author={Rashid, Tariq},
  year={2016},
  publisher={CreateSpace Independent Publishing Platform}
}

@book{russell2016artificial,
  title={Artificial intelligence: a modern approach},
  author={Russell, Stuart J and Norvig, Peter},
  year={2016},
  publisher={Malaysia; Pearson Education Limited,}
}

@misc{GitHubpa25:online,
  author = {Pedro Antonio Gutiérrez},
  title = {GitHub - pagutierrez/tutorial-sklearn: Tutorial sobre scikit-learn completo},
  howpublished = {\url{https://github.com/pagutierrez/tutorial-sklearn}},
  note = {(Accessed on 12/28/2020)},
  year = {2020},
}

@book{trejoml,
  author={B. G. Trejo},
  title={Selección de herramientas de Machine Learning aplicado a problemas de ingenier{\'i}a},
  publisher={Facultad de Ciencias Exactas, Físicas y Naturales, Universidad Nacional de Córdoba},
  year={2019}
}

@book{matich,
  author    = {D. J. Matich},
  title     = {Redes neuronales: Conceptos básicos y aplicaciones},
  publisher = {Universidad Tecnológica Nacional, FRR, Departamento de Ing. Química},
  year      = {2001}
}

@misc{karpathy:rnn,
  author = {Andrej Karpathy},
	title = {{The Unreasonable Effectiveness of Recurrent Neural Networks}},
	year = {2020},
	month = {Jun},
	note = {[Online; accessed 3. Jan. 2021]},
	url = {https://karpathy.github.io/2015/05/21/rnn-effectiveness}
}

@misc{olahlstm,
  title = {{Understanding LSTM Networks}},
  author = {Christopher Olah},
	year = {2015},
	month = {Aug},
	note = {[Online; accessed 4. Jan. 2021]},
	url = {https://colah.github.io/posts/2015-08-Understanding-LSTMs}
}


@article{Saha2020Oct,
	author = {Saha, Sumit},
	title = {{A Comprehensive Guide to Convolutional Neural Networks {\ifmmode---\else\textemdash\fi} the ELI5 way}},
	journal = {Medium},
	year = {2020},
	month = {Oct},
	issn = {3211-6453},
	publisher = {Towards Data Science},
	url = {https://towardsdatascience.com/a-comprehensive-guide-to-convolutional-neural-networks-the-eli5-way-3bd2b1164a53}
}

@article{andrianaivo2019architecture,
  title={Architecture Recognition By Means Of Convolutional Neural Networks.},
  author={Andrianaivo, Louis N and D'Autilia, Roberto and Palma, Valerio},
  journal={International Archives of the Photogrammetry, Remote Sensing \& Spatial Information Sciences},
  year={2019}
}

@misc{SOOutputConv,
  author = {StackOverflow},
	title = {{How did they calculate the output volume for this convnet example in Caffe?}},
	journal = {Stack Overflow},
	year = {2021},
	month = {Jan},
	note = {[Online; accessed 4. Jan. 2021]},
	url = {https://stackoverflow.com/questions/32979683/how-did-they-calculate-the-output-volume-for-this-convnet-example-in-caffe}
}

@misc{Cogneethi2019Aug,
	author = {Cogneethi},
	title = {{C 4.1 {$\vert$} 1D Convolution {$\vert$} CNN {$\vert$} Object Detection {$\vert$} Machine Learning {$\vert$} EvODN}},
	journal = {YouTube},
	year = {2019},
	month = {Aug},
	publisher = {Youtube},
	note = {[Online; accessed 4. Jan. 2021]},
	url = {https://www.youtube.com/watch?v=yd_j_zdLDWs}
}

@book{keller,
  author={Frank Keller},
  title={Convolutions and Kernels},
  publisher={School of Informatics, University of Edinburgh},
  month = {Feb},
  year={2010}
}

@book{norman2019aprendizaje,
  title={Aprendizaje autom{\'a}tico en acci{\'o}n. Un libro para el lego, gu{\'\i}a paso a paso para los novatos},
  author={Norman, A.T. and Bolivar, S.},
  year={2019},
  publisher={Tektime}
}

@book{bishop2006pattern,
  title={Pattern recognition and machine learning},
  author={Bishop, Christopher M},
  year={2006},
  publisher={Springer}
}

@misc{advancedmachinelearningprocess, 
  url={https://origin-symwisedownload.symantec.com/resources/webguides/contentanalysis/24/Content/Topics/Concepts/aml_process.htm}, 
  journal={Advanced Machine Learning Process}
}

@misc{quora, 
  author  = {Quora},
  title   = {What are the key trade-offs between overfitting and underfitting?}, 
  url     = {https://www.quora.com/What-are-the-key-trade-offs-between-overfitting-and-underfitting}, 
  journal = {Quora},
  year    = {2020},
}

@misc{sgd, 
  title = {Demystifying Gradient Descent and Backpropagation via Logistic Regression based Image...}, 
  url = {https://www.freecodecamp.org/news/demystifying-gradient-descent-and-backpropagation-via-logistic-regression-based-image-classification-9b5526c2ed46/}, 
  journal = {freeCodeCamp.org}, 
  publisher = {freeCodeCamp.org}, 
  author = {freeCodeCamp.org}, 
  year = {2018}, 
  month={Jul}
}

@misc{wavenet2,
	title = {{WaveNet: A Generative Model for Raw Audio}},
  author = {Deepmind},
  month        = {Sep},
  year         = {2016},
	note = {[Online; accessed 11. Jan. 2021]},
	url = {https://deepmind.com/blog/article/wavenet-generative-model-raw-audio}
}

@article{Bai2020Aug,
	author = {Bai, Kunlun},
	title = {{A Comprehensive Introduction to Different Types of Convolutions in Deep Learning}},
	journal = {Medium},
	year = {2020},
	month = {Aug},
	publisher = {Towards Data Science},
	url = {https://towardsdatascience.com/a-comprehensive-introduction-to-different-types-of-convolutions-in-deep-learning-669281e58215}
}

@misc{padding,
	title = {{6.3. Padding and Stride {\ifmmode---\else\textemdash\fi} Dive into Deep Learning 0.16.0 documentation}},
	year = {2021},
	month = {Jan},
	note = {[Online; accessed 11. Jan. 2021]},
	url = {https://d2l.ai/chapter_convolutional-neural-networks/padding-and-strides.html}
}

@article{bn,
	author = {Peccia, Federico},
	title = {{Batch normalization: theory and how to use it with Tensorflow}},
	journal = {Medium},
	year = {2019},
	month = {Jan},
	issn = {1892-0173},
	publisher = {Towards Data Science},
	url = {https://towardsdatascience.com/batch-normalization-theory-and-how-to-use-it-with-tensorflow-1892ca0173ad}
}
